%% This BibTeX bibliography file was created using BibDesk.
%% https://bibdesk.sourceforge.io/

%% Created for circle at 2021-06-07 20:57:38 +0800 


%% Saved with string encoding Unicode (UTF-8) 



@book{cfd,
	author = {张德良},
	date-added = {2021-06-07 20:56:41 +0800},
	date-modified = {2021-06-07 20:57:38 +0800},
	publisher = {高等教育出版社},
	title = {计算流体力学教程},
	year = {2010}}

@book{wuwangyi,
	author = {吴望一},
	date-added = {2021-06-07 09:43:53 +0800},
	date-modified = {2021-06-07 09:45:58 +0800},
	publisher = {北京大学出版社},
	title = {流体力学（上册）},
	year = {1982}}
