@book{10.5555/42249, author = {Press, William H. and Flannery, Brian P. and Teukolsky, Saul A. and Vetterling, William T.}, title = {Numerical Recipes in C: The Art of Scientific Computing}, year = {1988}, isbn = {052135465X}, publisher = {Cambridge University Press}, address = {USA} }