%% This BibTeX bibliography file was created using BibDesk.
%% https://bibdesk.sourceforge.io/

%% Created for circle at 2021-06-09 21:28:14 +0800 


%% Saved with string encoding Unicode (UTF-8) 



@book{cfd,
	author = {张德良},
	date-added = {2021-06-09 21:28:11 +0800},
	date-modified = {2021-06-09 21:28:11 +0800},
	publisher = {高等教育出版社},
	title = {计算流体力学教程},
	year = {2010}}
