%% This BibTeX bibliography file was created using BibDesk.
%% https://bibdesk.sourceforge.io/

%% Created for circle at 2021-04-25 15:32:02 +0800 


%% Saved with string encoding Unicode (UTF-8) 



@book{zhang,
	author = {张德良},
	date-added = {2021-04-25 15:29:41 +0800},
	date-modified = {2021-04-25 15:32:02 +0800},
	publisher = {高等教育出版社},
	title = {计算流体力学教程},
	year = {2010},
	pages={229},
	}
